<?xml version="1.0" encoding="UTF-8"?><collection xmlns="http://www.loc.gov/MARC21/slim"><record><leader>00703nam--2200169-i-4500</leader><controlfield tag="001">000028377</controlfield><controlfield tag="002">20161230</controlfield><controlfield tag="005">20161230201037</controlfield><controlfield tag="008">060222s1000------------r-----000-0-eng-d</controlfield><datafield ind1=" " ind2=" " tag="040"><subfield code="a">IFIN-HH</subfield></datafield><datafield ind1=" " ind2=" " tag="080"><subfield code="a">538.9</subfield></datafield><datafield ind1="1" ind2=" " tag="100"><subfield code="a">Madelung, O</subfield></datafield><datafield ind1="1" ind2="0" tag="245"><subfield code="a">Festkorperprobleme band ix. advances in solid state physics</subfield><subfield code="b">Plenary lectures of the professional group semiconductor physics of the german physical society munich, march 19-22, 1969 and invited papers of the european meeting of the ieee semiconductor device research munich, march 24-27, 1969</subfield><subfield code="c">O. madelung (ed.)</subfield></datafield><datafield ind1=" " ind2=" " tag="260"><subfield code="a">Braunschweig</subfield><subfield code="b">Friedr. Vieweg + Sohn Gmbh</subfield><subfield code="c">1969</subfield></datafield><datafield ind1=" " ind2=" " tag="300"><subfield code="a">391P</subfield></datafield><datafield ind1=" " ind2=" " tag="852"><subfield code="a">18555</subfield><subfield code="c">539.2</subfield></datafield><datafield ind1=" " ind2=" " tag="CAT"><subfield code="a">Sys</subfield><subfield code="c">20121005</subfield><subfield code="h">112038</subfield></datafield></record></collection>